timestamp,event_ticker,market_ticker,yes_bid,yes_ask,no_bid,no_ask,last_price
2025-05-06T15:26:20.340378,KXF1CHINA-27,KXF1CHINA-27,6,16,84,94,5
2025-05-06T15:26:20.501575,KXPGASOLHEIM-SC26,KXPGASOLHEIM-SC26-USA,50,52,48,50,52
2025-05-06T15:26:20.603268,KXPGASOLHEIM-SC26,KXPGASOLHEIM-SC26-EU,42,45,55,58,45
2025-05-06T15:26:20.707558,KXPGASOLHEIM-SC26,KXPGASOLHEIM-SC26-TIE,4,8,92,96,0
2025-05-06T15:26:20.873693,KXMLBWORLD-26,KXMLBWORLD-26-USA,30,34,66,70,34
2025-05-06T15:26:20.978797,KXMLBWORLD-26,KXMLBWORLD-26-JP,23,28,72,77,28
2025-05-06T15:26:21.082672,KXMLBWORLD-26,KXMLBWORLD-26-DO,14,19,81,86,14
2025-05-06T15:26:21.187759,KXMLBWORLD-26,KXMLBWORLD-26-PR,7,12,88,93,7
2025-05-06T15:26:21.292887,KXMLBWORLD-26,KXMLBWORLD-26-VE,1,6,94,99,0
2025-05-06T15:26:21.397992,KXMLBWORLD-26,KXMLBWORLD-26-MX,0,5,95,100,0
2025-05-06T15:26:21.503089,KXMLBWORLD-26,KXMLBWORLD-26-NL,0,3,97,100,0
2025-05-06T15:26:21.605928,KXMLBWORLD-26,KXMLBWORLD-26-KR,3,8,92,97,0
2025-05-06T15:26:21.706488,KXMLBWORLD-26,KXMLBWORLD-26-CU,0,4,96,100,0
2025-05-06T15:26:21.810540,KXMLBWORLD-26,KXMLBWORLD-26-CO,0,2,98,100,0
2025-05-06T15:26:21.915668,KXMLBWORLD-26,KXMLBWORLD-26-IT,0,3,97,100,0
2025-05-06T15:26:22.016826,KXMLBWORLD-26,KXMLBWORLD-26-CA,0,3,97,100,0
2025-05-06T15:26:22.117700,KXMLBWORLD-26,KXMLBWORLD-26-PA,0,3,97,100,0
2025-05-06T15:26:22.218582,KXMLBWORLD-26,KXMLBWORLD-26-AU,0,3,97,100,0
2025-05-06T15:26:22.322980,KXMLBWORLD-26,KXMLBWORLD-26-IL,0,3,97,100,0
2025-05-06T15:26:22.427257,KXMLBWORLD-26,KXMLBWORLD-26-TW,0,3,97,100,0
2025-05-06T15:26:22.532380,KXMLBWORLD-26,KXMLBWORLD-26-NI,0,3,97,100,0
2025-05-06T15:26:22.637869,KXMLBWORLD-26,KXMLBWORLD-26-GB,0,3,97,100,0
2025-05-06T15:26:22.742980,KXMLBWORLD-26,KXMLBWORLD-26-CZ,0,3,97,100,0
2025-05-06T15:26:22.848094,KXMLBWORLD-26,KXMLBWORLD-26-BR,0,3,97,100,0
2025-05-06T15:26:23.079022,KXSB-26,KXSB-26-ARI,0,2,98,100,1
2025-05-06T15:26:23.184108,KXSB-26,KXSB-26-ATL,1,2,98,99,1
2025-05-06T15:26:23.289216,KXSB-26,KXSB-26-BAL,11,12,88,89,11
2025-05-06T15:26:23.393956,KXSB-26,KXSB-26-BUF,8,11,89,92,8
2025-05-06T15:26:23.499082,KXSB-26,KXSB-26-CAR,0,1,99,100,1
2025-05-06T15:26:23.599613,KXSB-26,KXSB-26-CHI,1,2,98,99,2
2025-05-06T15:26:23.702429,KXSB-26,KXSB-26-CIN,4,5,95,96,5
2025-05-06T15:26:23.803741,KXSB-26,KXSB-26-CLE,0,1,99,100,1
2025-05-06T15:26:23.908855,KXSB-26,KXSB-26-DAL,1,2,98,99,2
2025-05-06T15:26:24.013431,KXSB-26,KXSB-26-DEN,2,3,97,98,3
2025-05-06T15:26:24.117878,KXSB-26,KXSB-26-DET,8,9,91,92,9
2025-05-06T15:26:24.219034,KXSB-26,KXSB-26-GB,4,5,95,96,5
2025-05-06T15:26:24.324118,KXSB-26,KXSB-26-HOU,2,3,97,98,3
2025-05-06T15:26:24.429184,KXSB-26,KXSB-26-IND,0,1,99,100,1
2025-05-06T15:26:24.534241,KXSB-26,KXSB-26-JAX,0,1,99,100,1
2025-05-06T15:26:24.639296,KXSB-26,KXSB-26-KC,10,11,89,90,11
2025-05-06T15:26:24.744384,KXSB-26,KXSB-26-LV,0,1,99,100,1
2025-05-06T15:26:24.845391,KXSB-26,KXSB-26-LAC,2,3,97,98,3
2025-05-06T15:26:24.950444,KXSB-26,KXSB-26-LAR,4,5,95,96,4
2025-05-06T15:26:25.054937,KXSB-26,KXSB-26-MIA,0,1,99,100,1
2025-05-06T15:26:25.159999,KXSB-26,KXSB-26-MIN,2,3,97,98,4
2025-05-06T15:26:25.264761,KXSB-26,KXSB-26-NE,1,2,98,99,2
2025-05-06T15:26:25.369820,KXSB-26,KXSB-26-NO,0,1,99,100,1
2025-05-06T15:26:25.470170,KXSB-26,KXSB-26-NYG,0,1,99,100,1
2025-05-06T15:26:25.575228,KXSB-26,KXSB-26-NYJ,0,1,99,100,1
2025-05-06T15:26:25.678539,KXSB-26,KXSB-26-PHI,11,12,88,89,12
2025-05-06T15:26:25.782068,KXSB-26,KXSB-26-PIT,1,2,98,99,2
2025-05-06T15:26:25.887167,KXSB-26,KXSB-26-SF,4,5,95,96,5
2025-05-06T15:26:25.992227,KXSB-26,KXSB-26-SEA,1,4,96,99,9
2025-05-06T15:26:26.093839,KXSB-26,KXSB-26-TB,1,2,98,99,2
2025-05-06T15:26:26.198174,KXSB-26,KXSB-26-TEN,0,1,99,100,1
2025-05-06T15:26:26.303045,KXSB-26,KXSB-26-WAS,5,6,94,95,6
2025-05-06T15:26:26.456038,KXNFLNFCCHAMP-25,KXNFLNFCCHAMP-25-ARI,1,3,97,99,3
2025-05-06T15:26:26.561142,KXNFLNFCCHAMP-25,KXNFLNFCCHAMP-25-ATL,1,3,97,99,3
2025-05-06T15:26:26.666227,KXNFLNFCCHAMP-25,KXNFLNFCCHAMP-25-CAR,0,2,98,100,2
2025-05-06T15:26:26.771280,KXNFLNFCCHAMP-25,KXNFLNFCCHAMP-25-CHI,2,25,75,98,3
2025-05-06T15:26:26.876333,KXNFLNFCCHAMP-25,KXNFLNFCCHAMP-25-DAL,1,28,72,99,3
2025-05-06T15:26:26.977522,KXNFLNFCCHAMP-25,KXNFLNFCCHAMP-25-DET,17,19,81,83,19
2025-05-06T15:26:27.082617,KXNFLNFCCHAMP-25,KXNFLNFCCHAMP-25-GB,8,10,90,92,10
2025-05-06T15:26:27.183728,KXNFLNFCCHAMP-25,KXNFLNFCCHAMP-25-LA,10,11,89,90,12
2025-05-06T15:26:27.288841,KXNFLNFCCHAMP-25,KXNFLNFCCHAMP-25-MIN,7,10,90,93,15
2025-05-06T15:26:27.393901,KXNFLNFCCHAMP-25,KXNFLNFCCHAMP-25-NO,0,13,87,100,2
2025-05-06T15:26:27.498955,KXNFLNFCCHAMP-25,KXNFLNFCCHAMP-25-NYG,0,1,99,100,0
2025-05-06T15:26:27.604015,KXNFLNFCCHAMP-25,KXNFLNFCCHAMP-25-PHI,23,25,75,77,25
2025-05-06T15:26:27.709076,KXNFLNFCCHAMP-25,KXNFLNFCCHAMP-25-SF,9,10,90,91,11
2025-05-06T15:26:27.814137,KXNFLNFCCHAMP-25,KXNFLNFCCHAMP-25-SEA,2,29,71,98,4
2025-05-06T15:26:27.919192,KXNFLNFCCHAMP-25,KXNFLNFCCHAMP-25-TB,4,5,95,96,0
2025-05-06T15:26:28.024285,KXNFLNFCCHAMP-25,KXNFLNFCCHAMP-25-WAS,10,11,89,90,12
2025-05-06T15:26:28.187957,KXNFLAFCCHAMP-25,KXNFLAFCCHAMP-25-BAL,20,21,79,80,19
2025-05-06T15:26:28.293028,KXNFLAFCCHAMP-25,KXNFLAFCCHAMP-25-BUF,21,25,75,79,25
2025-05-06T15:26:28.393217,KXNFLAFCCHAMP-25,KXNFLAFCCHAMP-25-CIN,8,9,91,92,9
2025-05-06T15:26:28.498145,KXNFLAFCCHAMP-25,KXNFLAFCCHAMP-25-CLE,0,1,99,100,2
2025-05-06T15:26:28.599835,KXNFLAFCCHAMP-25,KXNFLAFCCHAMP-25-DEN,3,46,54,97,6
2025-05-06T15:26:28.704896,KXNFLAFCCHAMP-25,KXNFLAFCCHAMP-25-HOU,4,5,95,96,6
2025-05-06T15:26:28.809657,KXNFLAFCCHAMP-25,KXNFLAFCCHAMP-25-IND,1,2,98,99,0
2025-05-06T15:26:28.912527,KXNFLAFCCHAMP-25,KXNFLAFCCHAMP-25-JAC,1,2,98,99,2
2025-05-06T15:26:29.015422,KXNFLAFCCHAMP-25,KXNFLAFCCHAMP-25-KC,20,25,75,80,20
2025-05-06T15:26:29.120487,KXNFLAFCCHAMP-25,KXNFLAFCCHAMP-25-LV,0,47,53,100,2
2025-05-06T15:26:29.225543,KXNFLAFCCHAMP-25,KXNFLAFCCHAMP-25-LAC,6,7,93,94,5
2025-05-06T15:26:29.328163,KXNFLAFCCHAMP-25,KXNFLAFCCHAMP-25-MIA,2,4,96,98,2
2025-05-06T15:26:29.430475,KXNFLAFCCHAMP-25,KXNFLAFCCHAMP-25-NE,2,3,97,98,2
2025-05-06T15:26:29.535532,KXNFLAFCCHAMP-25,KXNFLAFCCHAMP-25-NYJ,0,2,98,100,0
2025-05-06T15:26:29.640621,KXNFLAFCCHAMP-25,KXNFLAFCCHAMP-25-PIT,3,66,34,97,5
2025-05-06T15:26:29.740952,KXNFLAFCCHAMP-25,KXNFLAFCCHAMP-25-TEN,0,2,98,100,1
2025-05-06T15:26:29.903105,KXNCAAF-26,KXNCAAF-26-OSU,13,14,86,87,14
2025-05-06T15:26:30.008198,KXNCAAF-26,KXNCAAF-26-ND,4,5,95,96,4
2025-05-06T15:26:30.113326,KXNCAAF-26,KXNCAAF-26-ORE,10,11,89,90,11
2025-05-06T15:26:30.216021,KXNCAAF-26,KXNCAAF-26-UT,12,14,86,88,14
2025-05-06T15:26:30.317085,KXNCAAF-26,KXNCAAF-26-PSU,8,9,91,92,9
2025-05-06T15:26:30.422194,KXNCAAF-26,KXNCAAF-26-UGA,10,11,89,90,11
2025-05-06T15:26:30.525030,KXNCAAF-26,KXNCAAF-26-ASU,0,1,99,100,1
2025-05-06T15:26:30.626336,KXNCAAF-26,KXNCAAF-26-BSU,0,1,99,100,0
2025-05-06T15:26:30.726839,KXNCAAF-26,KXNCAAF-26-TEN,2,4,96,98,4
2025-05-06T15:26:30.827330,KXNCAAF-26,KXNCAAF-26-BAMA,5,12,88,95,5
2025-05-06T15:26:30.932446,KXNCAAF-26,KXNCAAF-26-CLEM,4,11,89,96,11
2025-05-06T15:26:31.032933,KXNCAAF-26,KXNCAAF-26-LSU,3,5,95,97,4
2025-05-06T15:26:31.138063,KXNCAAF-26,KXNCAAF-26-OM,1,4,96,99,4
2025-05-06T15:26:31.243169,KXNCAAF-26,KXNCAAF-26-MI,2,3,97,98,3
2025-05-06T15:26:31.343573,KXNCAAF-26,KXNCAAF-26-TAM,0,2,98,100,1
2025-05-06T15:26:31.448732,KXNCAAF-26,KXNCAAF-26-SC,1,2,98,99,2
2025-05-06T15:26:31.553896,KXNCAAF-26,KXNCAAF-26-MIA,1,3,97,99,5
2025-05-06T15:26:31.658993,KXNCAAF-26,KXNCAAF-26-FL,1,5,95,99,4
2025-05-06T15:26:31.761012,KXNCAAF-26,KXNCAAF-26-SMU,0,1,99,100,1
2025-05-06T15:26:31.863830,KXNCAAF-26,KXNCAAF-26-LV,0,1,99,100,0
2025-05-06T15:26:31.968519,KXNCAAF-26,KXNCAAF-26-AUB,0,2,98,100,2
2025-05-06T15:26:32.069895,KXNCAAF-26,KXNCAAF-26-OKL,0,2,98,100,12
2025-05-06T15:26:32.174955,KXNCAAF-26,KXNCAAF-26-IND,0,1,99,100,0
2025-05-06T15:26:32.280014,KXNCAAF-26,KXNCAAF-26-WIS,0,1,99,100,1
2025-05-06T15:26:32.384602,KXNCAAF-26,KXNCAAF-26-AZST,0,0,100,100,0
2025-05-06T15:26:32.535534,KXNFLNFCWEST-25,KXNFLNFCWEST-25-LA,33,38,62,67,38
2025-05-06T15:26:32.640609,KXNFLNFCWEST-25,KXNFLNFCWEST-25-ARI,14,16,84,86,15
2025-05-06T15:26:32.745792,KXNFLNFCWEST-25,KXNFLNFCWEST-25-SF,34,37,63,66,37
2025-05-06T15:26:32.851079,KXNFLNFCWEST-25,KXNFLNFCWEST-25-SEA,13,19,81,87,19
2025-05-06T15:26:33.006023,KXNFLNFCSOUTH-25,KXNFLNFCSOUTH-25-TB,45,47,53,55,44
2025-05-06T15:26:33.108702,KXNFLNFCSOUTH-25,KXNFLNFCSOUTH-25-ATL,27,30,70,73,30
2025-05-06T15:26:33.213793,KXNFLNFCSOUTH-25,KXNFLNFCSOUTH-25-CAR,18,19,81,82,20
2025-05-06T15:26:33.315226,KXNFLNFCSOUTH-25,KXNFLNFCSOUTH-25-NO,7,8,92,93,8
2025-05-06T15:26:33.474652,KXNFLNFCNORTH-25,KXNFLNFCNORTH-25-DET,38,40,60,62,40
2025-05-06T15:26:33.575974,KXNFLNFCNORTH-25,KXNFLNFCNORTH-25-CHI,15,18,82,85,18
2025-05-06T15:26:33.681037,KXNFLNFCNORTH-25,KXNFLNFCNORTH-25-GB,25,27,73,75,24
2025-05-06T15:26:33.782619,KXNFLNFCNORTH-25,KXNFLNFCNORTH-25-MIN,16,20,80,84,20
